2754 4882
127 207 169 271 22
205 222 207 224 ·
597 204 834 258 11111111111.

127 367 331 440 Morpenslern
360 361 399 421 de
427 370 482 423 sat.
506 370 537 421 et
560 362 648 440 epist.
671 362 747 423 Hor.
771 361 862 421 discr.
885 380 917 438 p.
941 360 996 434 303
1031 362 1117 430 Voss,
1145 359 1235 425 Vorr.
1260 379 1300 418 zu

127 449 250 527 Vergils
274 445 427 506 Landbau
449 466 480 524 p.
503 445 600 521 XIX,
623 449 783 519 Kirolmer,
805 446 881 504 Hor.
906 443 937 503 S.
963 443 1044 502 1828
1068 464 1097 522 p.
1120 443 1298 518 XXXVII,

127 535 264 608 Pinzger,
287 530 338 590 die
349 531 530 591 Versmasse
546 531 600 591 des
612 530 726 604 Horae,
750 551 779 610 p.
792 531 850 605 213
876 531 985 588 Usener
1007 530 1039 586 in
1055 526 1186 588 Jahrbb.
1207 528 1298 601 1865,

128 618 204 693 2653
229 619 376 688 Neissner,
401 636 430 694 p.
454 615 505 675 40.
788 688 791 692 A

214 700 403 779 Quintilian,
437 699 478 772 X,
505 703 531 772 1,
556 701 611 772 93,
644 708 712 779 sagt
740 699 805 759 und
827 700 951 759 Neucre
980 696 1084 757 haben
1107 716 1139 760 es
1168 696 1230 754 ihm
1255 696 1301 754 oft

127 786 331 865 nachgesagt:
361 794 464 843 saturo
487 792 551 844 tota
573 792 678 844 nostra
699 794 759 858 est,
789 784 834 845 als
858 783 896 844 ob
920 783 971 842 die
993 781 1152 842 satirische
1174 780 1298 853 Poesie,

126 872 185 930 wie
208 871 253 930 sie
274 869 422 941 Lucilius,
446 867 560 941 Horae,
585 869 719 940 Persius,
744 868 891 942 Juvenal,
915 868 1019 940 iibten,
1044 867 1115 926 iicht
1129 865 1299 925 romisches

128 955 277 1015 Gewitchs
300 954 361 1025 sei,
385 954 561 1013 entwickelt
584 954 664 1013 ohne
685 955 768 1014 allen
791 952 1002 1032 griechischen
1024 951 1169 1010 Einiluss.
1206 949 1300 1009 Diess

124 1040 210 1098 kann
234 1037 307 1098 aber
329 1059 388 1097 nur
410 1040 442 1096 in
465 1038 584 1098 Betreff
604 1039 658 1098 des
681 1041 807 1097 Nemees
831 1035 961 1114 (satura)
985 1036 1051 1095 und
1075 1036 1130 1095 der
1152 1043 1299 1094 iusseren

125 1125 227 1196 Form,
252 1123 282 1182 d.
297 1122 328 1181 11.
354 1123 407 1182 des
430 1124 488 1182 seit
510 1123 647 1182 Lucilius
670 1124 720 1182 fiir
744 1123 794 1183 die
817 1122 917 1182 Satira
932 1118 1066 1180 stehend
1088 1121 1297 1199 gewordenen

124 1208 337 1281 Hexameters,
361 1207 541 1285 nugegeben
556 1207 691 1268 werden.
714 1207 833 1268 Ueber
849 1207 899 1267 die
914 1208 1007 1265 Form
1024 1205 1078 1266 des
1094 1204 1298 1267 Hexameters

124 1294 165 1351 ist
188 1292 277 1366 oben,
300 1312 329 1369 p.
355 1293 403 1364 15,
428 1292 619 1370 gesprochen
641 1293 779 1352 worden.
823 1292 862 1350 In
884 1291 1003 1351 Betreff
1024 1291 1077 1350 des
1099 1289 1236 1350 Namens
1259 1291 1299 1349 ist

125 1397 158 1436 es
181 1376 349 1455 allerdings
372 1377 563 1450 Thatsache,
594 1376 664 1437 dass
692 1397 724 1436 es
753 1378 869 1437 keinen
897 1374 1109 1454 griechischen
1133 1373 1298 1435 Ausdruch

127 1462 222 1539 gicht,
246 1461 379 1540 welchcr
391 1461 460 1520 dem
474 1461 680 1521 lateinischen
697 1471 800 1521 satura
822 1461 920 1538 vollig
942 1461 1078 1538 adaquat
1099 1456 1297 1542 111.’Ίαμβος

124 1548 168 1604 im
190 1545 288 1605 Sinne
313 1547 365 1604 des
388 1545 591 1604 Archilochus
613 1547 653 1605 ist
674 1547 771 1624 vollig
794 1546 939 1622 entlegen
962 1544 1028 1604 und
1056 1552 1141 1622 passt
1161 1564 1221 1602 nur
1243 1545 1300 1606 auf

125 1630 176 1690 die
199 1629 391 1708 spottischen
413 1627 548 1707 Epoden
573 1629 627 1689 des
648 1629 771 1706 Horae,
795 1627 915 1701 Σίλλοι,
939 1649 1000 1689 was
1025 1628 1228 1689 Oasaubonus
1251 1630 1295 1703 ΙΙ,

113 1718 146 1772 ’3
170 1735 201 1792 p.
226 1715 286 1772 219
309 1713 456 1791 verglich,
481 1714 520 1772 ist
541 1714 638 1792 vollig
659 1708 915 1793 ungeniigend¹).
961 1713 1104 1773 Joannes
1125 1712 1234 1791 Lydus
1258 1715 1297 1774 de

126 1799 263 1876 magistr.
291 1797 321 1870 1,
351 1799 390 1856 41
420 1818 451 1876 p.
482 1798 541 1857 153
571 1800 620 1858 ed.
654 1798 780 1858 Behker
806 1807 906 1858 neunt
934 1797 985 1857 die
1013 1797 1165 1857 romische
1193 1798 1296 1859 Satine

124 1877 180 1957 τὴν
188 1877 351 1960 σατυρικὴν
361 1879 528 1961 κωμῳδίαν,
547 1883 691 1943 wodurch
706 1884 771 1943 sich
788 1883 844 1942 der
859 1883 948 1956 oben,
965 1903 996 1962 p.
1011 1885 1059 1940 11.
1073 1882 1122 1954 14,
1137 1883 1296 1944 erwahnte

125 1967 211 2027 Titel
232 1987 294 2026 von
318 1966 431 2026 Sulla’s
454 1966 569 2026 Schrift
592 1968 716 2028 erklart.
760 1966 894 2041 Lucian,
918 1967 993 2046 piso.
1018 1969 1068 2026 26.
1092 1968 1132 2025 37
1155 1967 1221 2026 und
1250 1967 1297 2028 bis

124 2070 187 2111 acc.
211 2053 251 2111 33
278 2051 348 2110 half
371 2052 436 2111 sich
465 2053 521 2111 11111
548 2052 618 2112 dem
641 2051 776 2113 Verbum
802 2049 966 2133 κωμῳδεῖν.
1016 2050 1218 2111 Anderwiirts
1246 2053 1298 2112 he·

123 2135 233 2195 hellen
256 2136 321 2194 sich
345 2137 395 2195 die
419 2135 576 2197 Griechen
598 2138 653 2196 mit
677 2137 745 2198 dem
761 2137 868 2197 Worte
891 2131 1116 2214 σπουδογέλοιος
1141 2131 1295 2211 (Mainake,

123 2220 208 2279 vind.
237 2219 338 2280 Strab.
367 2241 398 2299 p.
415 2220 505 2296 1234,
534 2225 568 2278 F.
602 2225 632 2281 V.
656 2226 823 2295 Frttzsche,
852 2223 968 2301 scripti.
996 2222 1095 2280 satirr.
1122 2221 1174 2279 111
1202 2242 1232 2300 p.
1261 2222 1293 2301 5)

126 2303 202 2363 oder
224 2301 461 2382 σπουδογελοίων
481 2302 605 2381 ποιητής
627 2301 750 2385 (Steph.
773 2307 851 2386 Byn.
864 2327 888 2365 s.
899 2327 928 2364 v.
942 2303 1064 2383 Καπρίη
1075 2325 1137 2364 von
1152 2306 1297 2387 Blaesus)

123 2389 184 2465 vgl.
214 2389 267 2449 Jo.
289 2388 398 2469 Lydus
427 2390 466 2448 de
494 2392 630 2468 magistr.
654 2392 684 2463 Ι,
709 2391 758 2447 41.
808 2391 890 2450 Dass
913 2386 1070 2468 σατυρικός
1099 2390 1201 2466 gleich
1225 2390 1296 2451 dem

122 2473 328 2532 lateinischen
351 2476 482 2553 scriptor
504 2477 654 2554 satyricus
677 2475 847 2555 gebraucht
868 2475 992 2534 worden
1018 2477 1076 2546 sei,
1108 2476 1192 2533 stellt
1216 2479 1248 2532 F.
1265 2479 1297 2536 V.

123 2707 239 2757 Horatio
258 2706 370 2768 Flacco,
395 2708 503 2758 homine
520 2707 646 2760 hercules
664 2726 718 2759 non
736 2708 806 2760 malo
825 2724 912 2774 neque
934 2708 1050 2773 pessimo
1074 2714 1158 2774 poeta
1177 2707 1224 2759 sed
1248 2710 1296 2772 qui

125 2779 215 2823 tamen
233 2789 326 2824 versus
354 2776 382 2824 in
410 2776 582 2826 sermonibus
604 2776 764 2828 durissimos
792 2777 1005 2841 conscripserit,
1031 2774 1198 2825 intercedere
1222 2777 1296 2841 apud

122 2856 236 2906 magnos
249 2839 313 2892 illos
325 2843 400 2893 viros
418 2843 542 2906 incipiat,
560 2847 587 2892 et
604 2843 753 2906 pudentem
764 2844 929 2895 delictorum
946 2844 1055 2893 veniam
1075 2846 1215 2906 exposcat.
1246 2842 1297 2893 sin

122 2925 166 2958 me
185 2908 257 2959 serio
276 2913 403 2973 agentem
421 2924 510 2959 secum
527 2910 657 2961 mavelint
685 2911 791 2974 audire,
818 2912 859 2962 ita
886 2911 943 2960 illis
965 2907 1148 2974 respondebo,
1178 2914 1209 2958 ut
1231 2917 1297 2961 ante

123 2976 213 3027 omnia
224 2975 334 3026 laudare
345 2977 397 3027 hoc
409 2976 548 3042 incipiam,
562 2978 633 3042 quod
644 2981 679 3029 ab
691 2979 748 3030 illis
761 2979 849 3030 solum
861 2982 1012 3029 accusatur.
1039 2977 1107 3025 Nam
1124 2976 1149 3025 si
1167 2991 1296 3042 magnum

123 3059 156 3094 ac
175 3043 298 3104 sublime,
318 3044 343 3096 si
360 3059 534 3094 numerosum
551 3045 662 3110 aliquod
679 3061 774 3112 poema
787 3051 929 3112 quaerant,
948 3050 1026 3094 autor
1044 3042 1101 3093 illis
1115 3059 1171 3105 ero,
1190 3050 1221 3094 ut
1240 3046 1296 3095 Ho-

122 3112 189 3160 meri
206 3110 352 3175 Achillem,
374 3110 490 3176 Vergilii
506 3110 624 3162 Aeneam
647 3114 677 3164 in
699 3130 807 3165 manum
827 3119 948 3173 sumant,
971 3116 1019 3161 aut
1041 3111 1070 3159 in
1084 3111 1196 3173 Lyricis
1219 3111 1296 3162 illius

123 3193 153 3228 se
176 3178 329 3241 oblectent;
353 3180 397 3232 sin
419 3179 551 3230 urbanum
569 3186 597 3230 et
620 3180 737 3234 dicacem
760 3197 844 3247 supra
861 3179 981 3230 Graecos
1005 3193 1098 3229 omnes
1123 3193 1155 3227 ac
1178 3180 1295 3231 Latinos

123 3248 297 3310 scriptorem,
325 3249 350 3298 si
372 3247 524 3312 sapientum
546 3247 575 3296 in
596 3247 708 3311 placitis
731 3250 838 3314 egregie
855 3251 1008 3307 versatum,
1032 3247 1056 3295 si
1079 3245 1240 3310 prudentem
1261 3262 1295 3298 ac

121 3313 242 3376 vafrum3
266 3329 405 3366 sermones
428 3314 488 3365 eius
510 3331 649 3381 nunquam
671 3333 685 3368 e
708 3317 833 3368 manibus
856 3315 1003 3379 deponant.
1040 3312 1092 3363 Sed
1115 3314 1167 3364 hac
1188 3314 1248 3379 lege
1265 3321 1297 3364 ut

122 3396 258 3433 sermones
277 3386 395 3433 tractare
414 3396 442 3433 se
459 3383 642 3448 meminerint,
661 3400 748 3450 neque
767 3399 834 3449 opus
854 3387 950 3447 poetae
961 3381 1016 3432 nisi
1035 3396 1096 3430 cum
1114 3383 1297 3448 inscriptione

121 3449 183 3514 ipsa
200 3454 226 3500 et
244 3452 350 3502 autoris
367 3451 495 3501 instituto
512 3457 650 3506 accusent.
684 3453 727 3503 Ita
746 3453 817 3503 enim
830 3450 876 3500 IV.
895 3449 959 3500 libri
976 3450 1057 3515 primi
1077 3447 1179 3512 Satyra
1196 3466 1245 3515 pro
1265 3466 1296 3500 se

121 3519 181 3582 ipse
204 3516 241 3580 (v.
261 3523 294 3570 39
314 3518 398 3583 sqq.):
429 3518 539 3568 Primum
562 3535 608 3584 epo
631 3527 678 3570 eet.
699 3557 722 3574 ..
740 3522 786 3570 des
808 3520 914 3569 nominis
935 3518 1008 3567 taius
1030 3517 1157 3568 honorem.
1201 3519 1294 3581 Quare

122 3585 348 3647 quemadmodum
365 3601 568 3651 nonnumquam
586 3592 719 3649 oratores,
738 3601 799 3637 cum
817 3585 946 3635 videlicet
965 3600 1010 3636 res
1029 3583 1163 3648 postulat,
1184 3600 1296 3650 compo-

122 3652 253 3703 sitionem
270 3659 378 3705 mutant
399 3655 428 3703 in
446 3657 571 3705 oratione
588 3659 615 3704 et
633 3654 666 3704 ad
685 3660 825 3720 poetarum
843 3667 971 3704 numeros
994 3652 1124 3703 accedere
1149 3657 1294 3714 conantur,

122 3719 199 3783 ipsos
217 3723 309 3773 vitant
332 3727 436 3772 tamen:
459 3721 500 3772 sic
523 3727 605 3787 poeta
623 3737 683 3772 cum
701 3737 744 3773 res
763 3723 868 3774 alienas
886 3737 902 3771 a
920 3720 1090 3772 sublimitate
1108 3724 1250 3785 poetarum
1267 3728 1296 3771 et

123 3789 288 3840 amoenitate
311 3794 425 3854 tractat,
450 3804 578 3840 numeros
599 3791 743 3854 prudenter
766 3795 867 3852 mutat,
891 3803 951 3838 cum
970 3788 1094 3839 omittere
1117 3803 1172 3839 non
1195 3788 1295 3853 possit.

120 3854 158 3906 Et
177 3861 208 3906 ut
226 3857 348 3909 rhetores
366 3857 474 3922 antiqui
492 3872 540 3909 eos
560 3857 776 3924 reprehendunt,
801 3859 847 3924 qui
864 3860 962 3922 poetae
982 3856 1074 3921 potius
1093 3856 1125 3905 in
1145 3857 1295 3907 verborum

122 3926 321 3988 compositione
344 3924 426 3989 fiunt,
452 3939 531 3990 quam
549 3931 581 3976 ut
603 3941 649 3978 eos
672 3927 827 3989 imitentur,
851 3924 941 3989 qualis
961 3924 1098 3988 Hegesias
1125 3923 1211 3975 fuisse
1230 3924 1296 3975 olim

99 4016 100 4019 ¹
122 3997 250 4046 notatur:
273 3996 313 4044 ita
332 3994 378 4059 qui
401 3995 430 4043 in
452 3992 569 4044 minimis
590 3995 692 4059 ubique
711 3996 797 4046 rebus
814 4001 842 4044 11
865 3992 984 4043 sermoni
1001 3991 1119 4057 propriis
1144 3991 1240 4056 plenos
1260 4010 1294 4044 ae

123 4073 237 4111 sonoros
254 4067 346 4113 amant
366 4075 461 4113 versus
480 4066 507 4110 et
529 4062 558 4112 in
576 4068 735 4126 argumento
754 4063 990 4128 praevaricantur,
1014 4059 1130 4109 maxima
1150 4076 1210 4111 curn
1228 4077 1297 4113 cura

121 4126 269 4192 ineptiunt.

190 4198 216 4257 1)
235 4197 297 4263 Vgl.
315 4199 344 4250 F.
360 4198 392 4247 V.
407 4197 552 4259 Fritzaobe,
575 4196 696 4262 prolegg.
716 4197 783 4249 Luc.
801 4213 827 4262 p.
846 4195 978 4247 XXXVII
997 4191 1042 4262 Jed.
1067 4195 1180 4247 Lucian.
1200 4198 1244 4261 ll,
1270 4201 1297 4249 ⁶2.

127 4261 292 4316 Wactsmsro
310 4266 343 4316 de
362 4266 432 4317 uim.
452 4281 478 4330 p.
497 4266 520 4315 2.
