2736 4680
115 240 155 304 10
438 218 440 221 ’
582 237 816 288 nrrnnrruuu.

115 397 165 456 die
193 394 467 455 ve‘rschiedensten
490 394 716 465 Versarten,
750 392 919 452 iambische
949 392 1063 467 Versc,
1097 392 1287 453 trochsische

112 482 219 552 Verse,
242 480 403 539 heroische
426 473 654 555 Hexameter1).
699 475 802 536 Selbst
824 475 880 537 der
901 471 1123 556 Nachfolger²)
1149 478 1205 536 des
1224 477 1288 535 En-

111 568 192 638 nius,
216 568 398 637 Lucilius,
421 563 498 623 iiber
521 563 582 622 den
605 562 697 620 Anm.
722 561 753 622 S.
769 563 794 634 I,
816 563 845 635 4,
864 565 882 621 6
905 562 970 621 und
992 562 1177 640 Einleilung
1199 583 1228 640 p.
1248 563 1285 622 15

112 650 320 710 nachsulesen
352 650 406 721 ist,
439 648 524 708 hatte
557 647 660 706 neben
692 645 753 705 den
786 646 1147 706 vorherrschenden
1182 646 1286 706 Hexa-

112 745 231 794 metcrn
246 734 327 793 noch
346 735 380 793 in
396 734 521 812 einigen
537 732 681 792 Biichern
704 730 896 790 troch'alische
912 731 976 790 und
1000 731 1166 791 iambische
1189 732 1286 791 Verse

111 811 361 897 angeri-ended).
405 819 471 878 Der
493 816 626 876 Inhalt
648 816 724 874 aber
745 836 808 876 war
829 815 881 875 bei
903 816 1040 875 Lucilius
1063 837 1119 895 gar
1132 815 1287 876 verschie-

107 904 210 964 dener
231 903 297 962 Art.
322 900 405 981 (Vgl.
429 912 527 963 unten
549 923 580 981 p.
605 899 668 979 16).
712 901 848 961 Denkeu
870 902 926 959 wir
948 902 1013 960 also
1037 922 1077 959 an
1101 901 1151 961 die
1174 901 1286 960 vorhin

111 989 268 1048 erw'a'hnte
283 988 466 1047 lateinische
477 985 653 1047 Redensart
666 988 753 1065 quasi
768 1005 823 1064 per
834 994 978 1058 saturam,
1003 1005 1136 1063 „mang
1152 985 1287 1044 durch·

111 1074 329 1145 einander“,
357 1092 390 1132 so
418 1073 583 1151 gewinnen
605 1073 660 1130 wir
681 1072 732 1129 fiir
755 1071 804 1129 die
826 1091 889 1130 von
910 1089 970 1129 uns
997 1070 1065 1129 hier
1086 1091 1125 1130 zu
1143 1069 1287 1145 ,batrach-

110 1159 227 1218 tenden
243 1156 492 1231 Schriftwerke
509 1158 570 1217 den
585 1156 705 1215 Namen
721 1155 948 1215 vermischte
969 1149 1173 1230 Gedichte,
1198 1175 1285 1234 poe·

110 1242 448 1313 tisclresAllerlei‚
472 1241 693 1320 Potpourri,
717 1241 827 1298 'Putti
849 1240 977 1312 frutti‚
1002 1239 1285 1300 wieFiirstPlick·

108 1327 302 1387 lar-Maskau
325 1327 412 1387 aeine
435 1325 550 1386 Schrift
571 1321 733 1402 nanntei).

197 1413 255 1471 Mil
271 1412 387 1471 diesem
402 1411 563 1471 Resultate
585 1410 758 1468 harmonirt
779 1430 845 1469 nun
868 1408 942 1468 aber
963 1409 1041 1469 auch
1058 1409 1109 1468 die
1131 1427 1194 1467 ven
1210 1409 1285 1468 Die·

108 1497 223 1568 medes,
240 1506 295 1555 art.
314 1515 438 1573 gramm.
449 1496 501 1554 ΠΙ
516 1516 544 1574 p.
557 1496 619 1554 485
632 1493 680 1553 ed.
697 1493 773 1553 Keil
788 1493 852 1553 und
875 1514 937 1553 von
952 1492 1058 1553 Acron
1068 1514 1106 1552 eu
1122 1492 1199 1551 Hor.
1213 1492 1244 1553 S.
1256 1494 1281 1567 I,

66 1623 68 1625 »
112 1583 128 1637 1
153 1603 182 1659 p.
200 1583 219 1640 3
236 1580 285 1640 ed.
308 1578 448 1639 Hauthal
468 1589 560 1639 unter
577 1580 725 1639 auderem
742 1578 865 1638 Gerede
887 1577 1073 1656 angesiihrte
1096 1577 1283 1657 Erkliirung,

108 1665 236 1724 wonach
267 1674 372 1724 satura
406 1666 457 1724 ein
480 1664 615 1726 Gedicht
648 1661 723 1724 oder
751 1665 822 1723 eine
844 1663 988 1722 Dichtart
1019 1663 1284 1723 vermisclrten

108 1749 247 1808 Inhaltes
276 1749 343 1808 sein
371 1745 476 1827 soll⁵)‚
509 1747 567 1809 wie
597 1749 681 1808 denu
712 1748 791 1808 auch
815 1746 878 1807 Gis.
896 1749 983 1808 acad.
998 1749 1023 1819 I,
1049 1750 1077 1821 3,
1103 1750 1121 1806 9
1144 1767 1206 1808 von
1230 1747 1286 1807 der

178 1914 203 1979 1)
222 1917 373 1978 Iurabisrlza
396 1932 423 1980 p.
442 1918 502 1967 155:
528 1915 600 1964 Enni
617 1921 710 1978 poeta,
735 1914 823 1977 salve,
848 1916 895 1979 qui
918 1914 1080 1965 mortalibus
1097 1914 1199 1966 Versus
1222 1931 1283 1980 pro-

109 1983 189 2048 pinas
207 1984 347 2035 flammeos
365 1982 530 2034 medullitus.
569 1983 762 2045 Tractaeisclre,
782 1983 924 2033 ebendas.:
955 1983 1105 2045 Restitant,
1125 1990 1283 2045 occurrunt,

108 2055 232 2115 opstant,
256 2051 454 2117 opstrigillant,
479 2051 624 2114 obigitant.
659 2051 820 2101 Hexameter
837 2068 864 2116 p.
885 2051 946 2100 162:
970 2050 1048 2100 simia
1066 2065 1146 2115 quam
1171 2051 1284 2114 similis,

108 2119 265 2183 turpissima
283 2120 381 2179 bestia,
400 2119 489 2170 nobis.
1077 2169 1081 2177 .

174 2186 203 2248 2)
212 2186 385 2251 DerAngabe
399 2186 445 2236 des
454 2185 610 2249 Diomedes,
621 2191 706 2236 unten
713 2185 790 2236 Anm.
798 2188 823 2248 ὃ,
833 2183 895 2236 dass
907 2185 976 2235 auch
985 2200 1041 2235 von
1050 2185 1109 2235 dem
1119 2184 1283 2237 Schwester·

107 2255 176 2303 sohn
188 2255 234 2304 des
246 2253 360 2317 Ennius,
377 2256 405 2305 P.
416 2255 549 2315 Pacuuiae,
560 2259 670 2304 saturae
682 2253 800 2304 verfasst
812 2253 921 2304 worden
931 2255 1013 2316 scien,
1025 2253 1142 2304 schenkl
1153 2254 1282 2312 ocurrer,

109 2320 167 2372 Sat.
185 2325 240 2386 pi>
259 2324 301 2375 ed.
315 2324 390 2384 1869,
408 2321 544 2383 Glauben3
562 2323 612 2371 mit
629 2321 718 2372 Recht
735 2321 886 2372 bezweifelt
905 2321 945 2371 sie
962 2320 1074 2385 Teuffel,
1093 2322 1169 2385 Litg.
1182 2338 1209 2388 p.
1225 2325 1281 2377 163,

175 2389 201 2453 3)
220 2391 249 2439 Ζ.
268 2391 298 2442 Β.
317 2392 368 2441 den
385 2389 576 2440 trochilischen
595 2385 674 2448 Vers,
693 2390 766 2440 hunc
783 2388 904 2440 laborem
923 2403 1023 2451 sumas,
1041 2389 1146 2440 laudem
1165 2391 1212 2455 qui
1230 2391 1283 2441 tibi

108 2472 140 2506 ac
158 2457 276 2509 fructum
294 2458 372 2511 ferat.
408 2456 469 2521 Vgl.
489 2458 518 2508 0.
536 2459 622 2508 Lucili
639 2463 796 2508 saturarum
813 2456 873 2507 rell.
894 2456 932 2509 ed.
952 2457 1060 2506 Lucian
1077 2457 1187 2521 Miiller,
1206 2459 1281 2523 Lips.

107 2525 173 2576 1872
191 2542 217 2590 p.
236 2530 268 2577 79
286 2526 341 2578 und
359 2543 384 2591 p.
402 2525 450 2576 XL

173 2596 200 2658 4)
217 2595 273 2644 Der
296 2596 396 2647 bereits
414 2595 463 2643 mit
481 2593 571 2644 Recht
588 2607 734 2659 vergessne
752 2591 865 2658 Sophist
882 2591 999 2656 sappus
1016 2597 1119 2643 nannte
1137 2594 1183 2643 ein
1202 2593 1280 2643 Buch

107 2660 315 2714 temortatisetca
335 2661 549 2713 Gedaakeasalat.

175 2727 204 2794 ὃ)
229 2730 288 2780 Wir
309 2732 399 2794 geben
421 2729 479 2778 hier
502 2730 583 2778 einen
605 2726 772 2778 Ueberblick
795 2727 841 2777 der
864 2727 979 2790 Stellen,
1006 2743 1048 2777 wo
1071 2728 1115 2777 die
1141 2728 1282 2780 Gramma·

106 2794 178 2846 tiker
201 2796 266 2847 iiber
284 2797 332 2847 das
350 2799 431 2847 Wort
452 2802 543 2846 satura
565 2795 696 2856 handeln,
719 2796 762 2845 die
780 2811 841 2844 aum
860 2795 940 2845 Theil
957 2795 1042 2846 schon
1061 2795 1282 2858 Gattofredas

107 2863 189 2926 giebt,
213 2863 278 2915 (lod.
297 2865 448 2915 Justinian.
465 2880 492 2928 p.
510 2865 559 2914 601
577 2863 616 2913 ed.
635 2864 745 2926 Vignon
764 2865 838 2914 1614.
882 2863 1077 2926 Diomedes,
1101 2868 1153 2912 art.
1177 2878 1217 2927 gr.
1236 2865 1279 2915 IlI

105 2946 131 2994 p.
154 2933 205 2982 485
228 2933 268 2988 ed,
293 2933 369 2983 Keil:
398 2931 485 2982 satira
507 2931 606 2981 dicitur
630 2945 737 2981 carmen
761 2930 834 2996 apud
856 2929 994 2982 Romanos
1016 2943 1084 2981 natta
1106 2932 1206 2997 quidem
1228 2949 1280 2982 ma·

105 2999 211 3049 lecticam
230 3005 256 3050 et
274 3002 308 3052 ad
326 2999 461 3066 carpenda
479 2999 618 3049 hominum
635 3000 706 3050 vitia
722 2999 851 3049 archaeae
869 2999 1023 3050 comoediae
1041 2995 1106 3065 [vgl.
1124 2999 1192 3050 Hor.
1212 2998 1239 3050 S.
1257 3000 1280 3064 I,

105 3065 235 3134 4,1flg.]
256 3069 410 3119 charactere
429 3083 487 3117 com
510 3067 624 3130 asilum,
648 3067 727 3132 quale
745 3067 915 3132 scripserunt
938 3067 1093 3118 Lucilius
1117 3073 1146 3118 et
1169 3069 1280 3119 Horc-

106 3133 175 3184 tius
198 3141 225 3185 et
247 3137 397 3189 Persius.
433 3136 469 3185 Et
489 3084 582 3201 luicht
605 3143 633 3184 at
655 3135 718 3185 oder
738 3137 788 3185 sed
810 3135 872 3184 oder
890 3132 939 3200 set]
963 3136 1021 3186 olim
1038 3151 1140 3186 carmen
1158 3138 1227 3201 qaod
1244 3153 1281 3187 ccc

104 3205 183 3253 variis
199 3202 356 3267 poematibus
374 3204 515 3264 constabat,
535 3205 622 3253 satira
637 3203 797 3265 vocabatur,
817 3203 899 3266 quale
919 3203 1090 3267 scripserunt
1107 3204 1280 3255 Pacuvius

105 3274 133 3319 et
150 3270 290 3323 Ennius.
328 3273 419 3324 Satira
437 3276 530 3322 autem
547 3273 617 3320 dicta
635 3273 693 3322 sive
711 3273 852 3335 scalpris,
872 3270 944 3334 quod
961 3271 1086 3322 similiter
1105 3273 1133 3321 in
1151 3271 1202 3322 hoc
1220 3289 1280 3323 car-

105 3339 177 3387 mine
195 3339 326 3391 ridiculae
349 3355 393 3392 res
411 3339 608 3406 pudendaeque
621 3339 756 3400 dicuntur,
776 3352 845 3403 quae
856 3340 932 3388 velut
950 3355 967 3388 a
979 3339 1086 3402 Satyris
1104 3339 1280 3404 proferuntur

106 3411 135 3456 et
157 3405 237 3458 fiunt:
261 3409 322 3459 sive
344 3414 439 3458 satura
457 3424 473 3457 a
496 3411 580 3470 lance,
605 3422 674 3472 quae
693 3408 797 3457 referta
814 3408 900 3457 variis
923 3405 1072 3472 multisque
1096 3407 1228 3472 primitiis
1249 3410 1279 3458 in

106 3489 183 3525 sacro
203 3476 274 3541 apud
292 3477 402 3542 priscos
421 3476 462 3526 dis
481 3474 647 3525 inferebatur
665 3480 692 3524 et
710 3490 726 3525 a
745 3474 824 3538 copia
841 3488 873 3524 ac
892 3476 1038 3526 saturitate
1057 3475 1098 3526 rei
1117 3481 1214 3525 satura
1231 3493 1279 3527 vo·

105 3541 234 3593 sabatur:
265 3546 342 3595 cuius
366 3546 474 3608 generis
497 3542 617 3593 lancium
640 3547 668 3592 et
691 3541 831 3607 Vergilius
852 3542 883 3591 in
901 3541 1046 3608 Georgicis
1063 3543 1198 3605 meminit,
1217 3561 1280 3595 cum

104 3608 156 3658 hoc
168 3610 246 3660 modo
256 3611 337 3662 dicit:
355 3613 468 3662 lancibus
480 3619 506 3662 et
522 3613 617 3676 pandis
632 3612 758 3673 fumantia
769 3611 898 3660 reddimus
910 3619 974 3661 ecta
993 3607 1105 3676 [Georg.
1123 3611 1159 3673 11,
1174 3609 1231 3677 194]
1251 3620 1280 3662 et

104 3680 239 3743 lancesque
252 3687 278 3728 cl
290 3679 341 3729 liba
350 3681 462 3744 feremus
473 3677 584 3744 [Geor-g.
595 3680 631 3742 11,
643 3675 716 3744 394]:
731 3679 790 3728 sive
800 3694 817 3728 a
826 3680 934 3744 quodam
943 3694 1037 3744 pectere
1045 3680 1195 3739 farciminis,
1206 3680 1279 3744 quod

104 3744 198 3797 multis
220 3745 349 3798 refertum
370 3754 484 3797 saturam
507 3747 576 3798 dicit
594 3747 680 3797 Varro
703 3746 859 3806 vocitatum.
894 3746 947 3797 Est
968 3750 1060 3796 autem
1081 3746 1134 3795 hoc
1156 3748 1278 3811 positum

102 3812 132 3861 in
145 3815 266 3865 secundo
279 3815 349 3865 libro'
367 3815 555 3865 Plautinarum
569 3815 769 3880 quaestionum:
790 3820 899 3878 „satura
911 3822 951 3864 cst
967 3830 1015 3864 aaa
1032 3829 1112 3877 passe
1128 3823 1156 3864 ct
1172 3820 1279 3879 polenta

104 3886 129 3929 ct
146 3884 229 3932 nuclei
248 3885 304 3945 pini
325 3899 361 3933 ecc
378 3887 455 3934 auulsa
473 3882 641 3947 consparsi:“
664 3881 698 3932 ad
715 3883 783 3932 haec
800 3881 849 3931 alii
866 3881 968 3932 addunt
987 3888 1016 3931 et
1032 3881 1066 3933 de
1084 3881 1157 3933 mulo
1176 3885 1275 3948 punico

103 3960 198 4010 grana.
233 3949 289 4000 Alii
308 3958 401 4002 autem
423 3951 523 4001 dictam
546 3955 645 4015 putant
667 3969 684 4000 a
702 3953 757 4015 lcpc
774 3957 877 4012 satura,
901 3965 971 4014 quae
994 3964 1048 3999 uno
1072 3956 1173 4016 rogatu
1191 3951 1279 4002 multa

104 4016 185 4066 simul
204 4019 415 4084 conprehendat,
435 4018 506 4084 quod
525 4017 630 4070 scilicet
648 4023 675 4068 et
698 4024 793 4069 satura
811 4018 930 4067 carmine
949 4018 1036 4068 multa
1054 4018 1135 4069 simul
1152 4025 1278 4084 poemata

103 4085 370 4148 conprehendantur.
411 4086 496 4138 Cuius
520 4091 632 4137 saturae
658 4085 729 4150 legis
751 4084 877 4136 Lucilius
900 4087 1024 4136 meminit
1045 4087 1074 4136 in
1100 4086 1186 4152 primo
1204 4103 1278 4151 „per

101 4158 214 4202 saturam
227 4157 333 4207 aedilem
348 4157 445 4220 factam
457 4157 502 4221 qai
517 4154 607 4221 lapibu’
627 4151 732 4206 solual“
750 4158 777 4203 et
791 4153 939 4206 Sallustius
958 4156 988 4204 in
998 4153 1136 4218 Jugurtha
1154 4152 1276 4220 [xxm

82 4216 127 4284 ‘5]
153 4221 245 4273 deinde
267 4227 342 4289 quasi
365 4241 416 4290 per
437 4231 552 4273 saturam
577 4224 711 4274 sententiis
733 4223 868 4287 exquisitis
893 4223 920 4271 ia
948 4225 1101 4274 deditionem
1127 4222 1276 4286 achpitur.

104 4285 207 4342 Sciat.
235 4293 299 4346 cad.
319 4293 391 4344 Man.
414 4307 449 4343 zu
470 4293 580 4343 Juvenal
606 4308 632 4357 p.
650 4291 699 4340 241
724 4288 764 4338 ed.
781 4288 868 4340 Jahn:
895 4297 987 4355 satyra
1013 4293 1079 4342 item
1101 4289 1203 4340 dicitur
1227 4290 1275 4342 lex
